<?xml version="1.0" encoding="UTF-8"?><collection xmlns="http://www.loc.gov/MARC21/slim"><record><leader>00549nam--2200181-i-4500</leader><controlfield tag="001">000013350</controlfield><controlfield tag="002">20161230</controlfield><controlfield tag="005">20161230201030</controlfield><controlfield tag="008">060222s1000------------r-----000-0-fre-d</controlfield><datafield ind1=" " ind2=" " tag="040"><subfield code="a">IFIN-HH</subfield></datafield><datafield ind1=" " ind2=" " tag="041"><subfield code="a">fre</subfield></datafield><datafield ind1=" " ind2=" " tag="080"><subfield code="a">539.172.5(043)</subfield></datafield><datafield ind1="1" ind2=" " tag="100"><subfield code="a">Botton, Nico De</subfield></datafield><datafield ind1="1" ind2="0" tag="245"><subfield code="a">Mesure du rapport de panofsky de l`helium-3 et de la photoproduction de au voisinage du seull sur le deuteriu et l`helium-3</subfield><subfield code="b">These</subfield><subfield code="c">Nico de botton</subfield></datafield><datafield ind1=" " ind2=" " tag="260"><subfield code="a">Paris</subfield><subfield code="b">Universite</subfield><subfield code="c">1979</subfield></datafield><datafield ind1=" " ind2=" " tag="300"><subfield code="a">119 P</subfield></datafield><datafield ind1=" " ind2=" " tag="852"><subfield code="a">48493</subfield><subfield code="c">539.17</subfield></datafield><datafield ind1=" " ind2=" " tag="CAT"><subfield code="a">Sys</subfield><subfield code="c">20120619</subfield><subfield code="h">110508</subfield></datafield></record></collection>